@book{Saad00,
  author    = "Y. Saad",
  title     = "Iterative Methods for Sparse Linear Systems",
  year      = 2003,
  edition    = "2nd",
  publisher = "University Press",
  address   = "Oxford",
  url       = "https://www-users.cse.umn.edu/~saad/IterMethBook_2ndEd.pdf"
}
